%% This BibTeX bibliography file was created using BibDesk.
%% http://bibdesk.sourceforge.net/

%% Created for Franck Perignon at 2015-11-17 15:13:37 +0100 


%% Saved with string encoding Unicode (UTF-8) 



@article{Acary.DeJong.Brogliato2014,
	Author = {Acary, V. and de Jong, H. and Brogliato, B.},
	Date-Added = {2015-11-17 14:11:20 +0000},
	Date-Modified = {2015-11-17 14:13:34 +0000},
	Journal = {Physica D},
	Month = {February},
	Pages = {103-119},
	Title = {Numerical simulation of piecewise-linear models of gene regulatory networks using complementarity systems},
	Volume = {269},
	Year = {2014}}

@booklet{FloresGlockerLeine,
	Author = {Paulo Flores and Remco Leine and Christoph Glocker},
	Date-Added = {2015-10-20 13:34:18 +0000},
	Date-Modified = {2015-10-20 16:28:57 +0000},
	Title = {Modeling and Analysis of Rigid Multibody Systems with Translational Clearance Joints Based on the Nonsmooth Dynamics Approach},
	Url = {http://www.inm.uni-stuttgart.de/mitarbeiter/leine/papers/book_contributions/FloresxLeinexGlocker_-_Modeling_and_analysis_of_rigid_multibody_systems_with_translational_BOOK_CONTRIB.pdf},
	Year = {unknown},
	Bdsk-Url-1 = {http://www.inm.uni-stuttgart.de/mitarbeiter/leine/papers/book_contributions/FloresxLeinexGlocker_-_Modeling_and_analysis_of_rigid_multibody_systems_with_translational_BOOK_CONTRIB.pdf}}

@manual{eckel_cpp,
	Author = {Bruce Eckel},
	Date-Added = {2015-10-08 18:49:33 +0000},
	Date-Modified = {2015-10-20 16:29:31 +0000},
	Title = {Thinking in C++ vol 1 and 2},
	Url = {http://www.ibiblio.org/pub/docs/books/eckel/index.html},
	Bdsk-Url-1 = {http://www.ibiblio.org/pub/docs/books/eckel/index.html}}

@book{Acary.Brogliato2008,
	Author = {Acary, V. and Brogliato, B.},
	Date-Added = {2014-12-11 09:49:55 +0000},
	Date-Modified = {2014-12-11 09:49:55 +0000},
	Publisher = {Springer Verlag},
	Series = {Lecture Notes in Applied and Computational Mechanics},
	Title = {Numerical Methods for Nonsmooth Dynamical Systems: Applications in Mechanics and Electronics},
	Volume = 35,
	Year = 2008}

@article{Issanchou.2018,
author = {Issanchou,Clara  and Acary,Vincent  and Pérignon,Franck  and Touzé,Cyril  and Le Carrou,Jean-Loïc },
title = {Nonsmooth contact dynamics for the numerical simulation of collisions in musical string instruments},
journal = {The Journal of the Acoustical Society of America},
volume = {143},
number = {5},
pages = {3195-3205},
year = {2018},
doi = {10.1121/1.5039740},
eprint = { 
        https://doi.org/10.1121/1.5039740
    }
}


@book{Bilbao.2008,
	Author = {Bilbao, S.},
	Publisher = {Wiley},
	Title = {Numerical sound synthesis: finite difference schemes and simulation in musical acoustics},
	Year = 2008}

@book{Facchinei.2003,
 Author = {Facchinei,Francisco  and Pang,Jong-shi},
 Title = {Finite Dimensional Variational Inequalities and Complementarity Problems},
 Publisher = {Springer},
 Series = {Series in Operations Research, Berlin-Heidelberg-New York: Springer-Verlag},
 volume = {1 & 2},
 year = {2003},
}

@book{Cottle.1992,
 Author = {Cottle, R.W. and Pang,J.S. and Stone, R.E.},
 Title = {The Linear Complementarity Problem},
 Publisher = {Academic Press, Inc., Boston, MA},
 year = {1992},
}
